<record><leader>00000cas a22000007a 4500</leader><controlfield tag="001">14106758</controlfield><controlfield tag="008">860819d18591860vaudn ne      0    0eng  </controlfield><controlfield tag="009">466</controlfield><datafield ind1=" " ind2=" " tag="010"><subfield code="a">sn 86071840 </subfield></datafield><datafield ind1=" " ind2=" " tag="040"><subfield code="a">DLC</subfield><subfield code="b">eng</subfield><subfield code="c">DLC</subfield><subfield code="d">PPM</subfield><subfield code="d">MGN</subfield><subfield code="d">NVK</subfield><subfield code="d">CRL</subfield><subfield code="d">OCL</subfield><subfield code="d">NVF</subfield><subfield code="d">OCLCO</subfield><subfield code="d">OCLCF</subfield></datafield><datafield ind1="1" ind2=" " tag="029"><subfield code="a">AU@</subfield><subfield code="b">000005217573</subfield></datafield><datafield ind1=" " ind2=" " tag="042"><subfield code="a">msc</subfield></datafield><datafield ind1=" " ind2=" " tag="043"><subfield code="a">n-us-va</subfield></datafield><datafield ind1="0" ind2="0" tag="050"><subfield code="a">Newspaper 10028-X</subfield></datafield><datafield ind1="0" ind2=" " tag="130"><subfield code="a">Richmond daily examiner (Richmond, Va. : 1859)</subfield></datafield><datafield ind1="0" ind2="4" tag="245"><subfield code="a">The Richmond daily examiner.</subfield></datafield><datafield ind1="1" ind2="3" tag="246"><subfield code="a">Daily examiner</subfield></datafield><datafield ind1=" " ind2=" " tag="260"><subfield code="a">Richmond, Va. :</subfield><subfield code="b">William Lloyd &amp; Co.,</subfield><subfield code="c">1859-</subfield></datafield><datafield ind1=" " ind2=" " tag="300"><subfield code="a">v. ;</subfield><subfield code="c">65 cm.</subfield></datafield><datafield ind1=" " ind2=" " tag="310"><subfield code="a">Daily (except Sun.)</subfield></datafield><datafield ind1="0" ind2=" " tag="362"><subfield code="a">Vol. 1, no. 1 (April 25, 1859)-</subfield></datafield><datafield ind1="1" ind2=" " tag="362"><subfield code="a">Ceased in Dec. 1860.</subfield></datafield><datafield ind1=" " ind2=" " tag="530"><subfield code="a">Also available on microfilm from the Library of Congress Photoduplication Service.</subfield></datafield><datafield ind1=" " ind2="0" tag="651"><subfield code="a">Richmond (Va.)</subfield><subfield code="v">Newspapers.</subfield></datafield><datafield ind1=" " ind2="7" tag="655"><subfield code="a">Newspapers.</subfield><subfield code="2">fast</subfield><subfield code="0">(OCoLC)fst01423814</subfield></datafield><datafield ind1=" " ind2="7" tag="651"><subfield code="a">Virginia</subfield><subfield code="z">Richmond.</subfield><subfield code="2">fast</subfield><subfield code="0">(OCoLC)fst01205345</subfield></datafield><datafield ind1=" " ind2=" " tag="752"><subfield code="a">United States</subfield><subfield code="b">Virginia</subfield><subfield code="d">Richmond.</subfield></datafield><datafield ind1="0" ind2=" " tag="775"><subfield code="t">Richmond semi-weekly examiner (Richmond, Va. : 1849)</subfield><subfield code="w">(DLC)sn 84024733</subfield><subfield code="w">(OCoLC)11063777</subfield></datafield><datafield ind1="0" ind2=" " tag="775"><subfield code="t">Richmond weekly examiner (Richmond, Va. : 1848)</subfield><subfield code="w">(DLC)sn 85026507</subfield><subfield code="w">(OCoLC)12261301</subfield></datafield><datafield ind1="0" ind2="0" tag="785"><subfield code="t">Daily Richmond examiner (Richmond, Va. : 1861)</subfield><subfield code="w">(DLC)sn 83045177</subfield><subfield code="w">(OCoLC)9334677</subfield></datafield></record>